<?xml version="1.0" encoding="UTF-8"?><record xmlns="http://www.loc.gov/MARC21/slim" xmlns:cinclude="http://apache.org/cocoon/include/1.0" xmlns:zs="http://www.loc.gov/zing/srw/">
  <leader>00894nz  a2200157n  4500</leader>
  <controlfield tag="001">nr2001036232</controlfield>
  <controlfield tag="003">DLC</controlfield>
  <controlfield tag="005">20011109033110.0</controlfield>
  <controlfield tag="008">010905n| acannaabn          |a ana     c</controlfield>
  <datafield tag="010" ind1=" " ind2=" ">
    <subfield code="a">nr2001036232</subfield>
  </datafield>
  <datafield tag="040" ind1=" " ind2=" ">
    <subfield code="a">CLL</subfield>
    <subfield code="b">eng</subfield>
    <subfield code="c">CLL</subfield>
  </datafield>
  <datafield tag="110" ind1="2" ind2=" ">
    <subfield code="a">American Bar Association.</subfield>
    <subfield code="b">Strategic Alliances, Teaming, and Subcontracting Committee</subfield>
  </datafield>
  <datafield tag="410" ind1="2" ind2=" ">
    <subfield code="a">American Bar Association.</subfield>
    <subfield code="b">Section of Public Contract Law.</subfield>
    <subfield code="b">Strategic Alliances, Teaming and Subcontracting Committee</subfield>
  </datafield>
  <datafield tag="510" ind1="2" ind2=" ">
    <subfield code="w">a</subfield>
    <subfield code="a">American Bar Association.</subfield>
    <subfield code="b">Federal Subcontracting Committee</subfield>
  </datafield>
  <datafield tag="670" ind1=" " ind2=" ">
    <subfield code="a">Guide to fixed-price supply subcontract terms and conditions, c2001:</subfield>
    <subfield code="b">t.p. (Strategic Alliances, Teaming and Subcontracting Committee, Section of Public Contract Law, American Bar Association)</subfield>
  </datafield>
  <datafield tag="670" ind1=" " ind2=" ">
    <subfield code="a">WWW page for the Committee, Sept. 10, 2001:</subfield>
    <subfield code="b">(Committee's name changed to Strategic Alliances, Teaming and Subcontracting Committee in Aug. 1999)</subfield>
  </datafield>
</record>